@BOOK{mainTextbook,
	author = {Mitchel T. Keller, William T. Trotter},
	title = {Applied Combinatorics},
	year = {2017},
	edition = {2017 edition},
	isbn = {9781973702719},
	language = {eng},
	publisher = {Createspace Independent Publishing Platform},
	url = {https://rellek.net/book/app-comb.html}
}

@misc{XKCD_math_classification,
  title = {Unsolved Math Problems},
  howpublished = {\url{https://xkcd.com/2529/}},
  author = {Randall Munroe}
}
